<?xml version="1.0" encoding="UTF-8"?><collection xmlns="http://www.loc.gov/MARC21/slim"><record><leader>00322nam--2200133-i-4500</leader><controlfield tag="001">000037061</controlfield><controlfield tag="002">20161230</controlfield><controlfield tag="005">20161230201041</controlfield><controlfield tag="008">060222s1000------------r-----000-0-eng-d</controlfield><datafield ind1=" " ind2=" " tag="080"><subfield code="a">3</subfield></datafield><datafield ind1=" " ind2=" " tag="245"><subfield code="a">Prognoza si planificare sociala</subfield></datafield><datafield ind1=" " ind2=" " tag="260"><subfield code="a">Bucuresti, Cidsp, /F.An</subfield></datafield><datafield ind1=" " ind2=" " tag="490"><subfield code="a">Progrese, Directii, Tendinte</subfield></datafield><datafield ind1=" " ind2=" " tag="852"><subfield code="a">35206</subfield></datafield></record></collection>